@Manual{R-base,
  title = {R: A Language and Environment for Statistical Computing},
  author = {{R Core Team}},
  organization = {R Foundation for Statistical Computing},
  address = {Vienna, Austria},
  year = {2019},
  url = {https://www.R-project.org/},
}
@Manual{R-bookdown,
  title = {bookdown: Authoring Books and Technical Documents with R Markdown},
  author = {Yihui Xie},
  year = {2018},
  note = {R package version 0.9},
  url = {https://CRAN.R-project.org/package=bookdown},
}
@Manual{R-glue,
  title = {glue: Interpreted String Literals},
  author = {Jim Hester},
  year = {2019},
  note = {R package version 1.3.1},
  url = {https://CRAN.R-project.org/package=glue},
}
@Manual{R-here,
  title = {here: A Simpler Way to Find Your Files},
  author = {Kirill MÃ¼ller},
  year = {2017},
  note = {R package version 0.1},
  url = {https://CRAN.R-project.org/package=here},
}
@Manual{R-knitr,
  title = {knitr: A General-Purpose Package for Dynamic Report Generation in R},
  author = {Yihui Xie},
  year = {2019},
  note = {R package version 1.22},
  url = {https://CRAN.R-project.org/package=knitr},
}
@Manual{R-purrr,
  title = {purrr: Functional Programming Tools},
  author = {Lionel Henry and Hadley Wickham},
  year = {2019},
  note = {R package version 0.3.2},
  url = {https://CRAN.R-project.org/package=purrr},
}
@Manual{R-rmarkdown,
  title = {rmarkdown: Dynamic Documents for R},
  author = {JJ Allaire and Yihui Xie and Jonathan McPherson and Javier Luraschi and Kevin Ushey and Aron Atkins and Hadley Wickham and Joe Cheng and Winston Chang and Richard Iannone},
  year = {2019},
  note = {R package version 1.12},
  url = {https://CRAN.R-project.org/package=rmarkdown},
}
@Manual{R-rvest,
  title = {rvest: Easily Harvest (Scrape) Web Pages},
  author = {Hadley Wickham},
  year = {2016},
  note = {R package version 0.3.2},
  url = {https://CRAN.R-project.org/package=rvest},
}
@Manual{R-stringr,
  title = {stringr: Simple, Consistent Wrappers for Common String Operations},
  author = {Hadley Wickham},
  year = {2019},
  note = {R package version 1.4.0},
  url = {https://CRAN.R-project.org/package=stringr},
}
@Manual{R-xml2,
  title = {xml2: Parse XML},
  author = {Hadley Wickham and James Hester and Jeroen Ooms},
  year = {2018},
  note = {R package version 1.2.0},
  url = {https://CRAN.R-project.org/package=xml2},
}
